
	<marc:record>
		<marc:leader>00421a   a2200145   4500</marc:leader>
		<marc:controlfield tag="001">13</marc:controlfield>
		<marc:datafield ind1=" " ind2=" " tag="020">
			<marc:subfield code="a">9782091873022</marc:subfield>
			<marc:subfield code="c">6,50 EUR</marc:subfield>
		</marc:datafield>
		<marc:datafield ind1="1" ind2=" " tag="100">
			<marc:subfield code="a">Descartes, Rene</marc:subfield>
			<marc:subfield code="4">aut</marc:subfield>
		</marc:datafield>
		<marc:datafield ind1="1" ind2="0" tag="245">
			<marc:subfield code="a">Discours de la methode</marc:subfield>
			<marc:subfield code="c">Descartes; Denis Huisman</marc:subfield>
		</marc:datafield>
		<marc:datafield ind1="3" ind2=" " tag="260">
			<marc:subfield code="b">Nathan</marc:subfield>
			<marc:subfield code="c">2009</marc:subfield>
		</marc:datafield>
		<marc:datafield ind1=" " ind2=" " tag="300">
			<marc:subfield code="a">143 pages</marc:subfield>
			<marc:subfield code="c">21 cm</marc:subfield>
		</marc:datafield>
		<marc:datafield ind1="0" ind2=" " tag="490">
			<marc:subfield code="a">integrales de philo (Les)</marc:subfield>
		</marc:datafield>
		<marc:datafield ind1=" " ind2=" " tag="500">
			<marc:subfield code="a">Bibliogr.aphy pages 142-143</marc:subfield>
		</marc:datafield>
		<marc:datafield ind1="1" ind2=" " tag="700">
			<marc:subfield code="a">Huisman, Denis</marc:subfield>
			<marc:subfield code="4">cwt</marc:subfield>
		</marc:datafield>
		<marc:datafield ind1="1" ind2=" " tag="760">
			<marc:subfield code="w">colauth-001</marc:subfield>
			<marc:subfield code="t">Les Integrales de philo</marc:subfield>
		</marc:datafield>
	</marc:record>