
	<marc:record>
		<marc:leader>00446a   a2200157   4500</marc:leader>
		<marc:controlfield tag="001">11</marc:controlfield>
		<marc:datafield ind1=" " ind2=" " tag="020">
			<marc:subfield code="a">9782080702111</marc:subfield>
			<marc:subfield code="c">6.80euro</marc:subfield>
		</marc:datafield>
		<marc:datafield ind1="1" ind2=" " tag="041">
			<marc:subfield code="a">French</marc:subfield>
		</marc:datafield>
		<marc:datafield ind1="1" ind2=" " tag="100">
			<marc:subfield code="a">Montaigne, Michel de</marc:subfield>
			<marc:subfield code="4">aut</marc:subfield>
		</marc:datafield>
		<marc:datafield ind1="1" ind2="0" tag="240">
			<marc:subfield code="a">Essais</marc:subfield>
		</marc:datafield>
		<marc:datafield ind1="1" ind2="0" tag="245">
			<marc:subfield code="a">Essais</marc:subfield>
			<marc:subfield code="b">Book II</marc:subfield>
			<marc:subfield code="c">Michel de Montaigne</marc:subfield>
		</marc:datafield>
		<marc:datafield ind1="3" ind2=" " tag="260">
			<marc:subfield code="a">Paris</marc:subfield>
			<marc:subfield code="b">Garnier-Flammarion</marc:subfield>
			<marc:subfield code="c">1969</marc:subfield>
		</marc:datafield>
		<marc:datafield ind1=" " ind2=" " tag="300">
			<marc:subfield code="a">510 pages</marc:subfield>
			<marc:subfield code="b">Cover with colorful illustrations</marc:subfield>
			<marc:subfield code="c">18 cm</marc:subfield>
		</marc:datafield>
		<marc:datafield ind1="0" ind2=" " tag="490">
			<marc:subfield code="a">GF</marc:subfield>
			<marc:subfield code="v">211</marc:subfield>
		</marc:datafield>
		<marc:datafield ind1="0" ind2=" " tag="760">
			<marc:subfield code="w">colauth-008</marc:subfield>
			<marc:subfield code="a">GF</marc:subfield>
		</marc:datafield>
	</marc:record>