
	<marc:record>
		<marc:leader>00300a   a2200109   4500</marc:leader>
		<marc:controlfield tag="001">35</marc:controlfield>
		<marc:datafield ind1="0" ind2=" " tag="041">
			<marc:subfield code="a">French</marc:subfield>
		</marc:datafield>
		<marc:datafield ind1="0" ind2="0" tag="240">
			<marc:subfield code="a">I love english</marc:subfield>
		</marc:datafield>
		<marc:datafield ind1="0" ind2="0" tag="245">
			<marc:subfield code="a">I love english</marc:subfield>
		</marc:datafield>
		<marc:datafield ind1="3" ind2=" " tag="260">
			<marc:subfield code="a">Paris</marc:subfield>
			<marc:subfield code="b">Bayard Presse</marc:subfield>
		</marc:datafield>
		<marc:datafield ind1=" " ind2=" " tag="300">
			<marc:subfield code="b">Coloful Illustrations, cover with colorful illustrations</marc:subfield>
			<marc:subfield code="c">28 cm</marc:subfield>
			<marc:subfield code="e">1 CD audio</marc:subfield>
		</marc:datafield>
		<marc:datafield ind1=" " ind2=" " tag="310">
			<marc:subfield code="a">Monthly</marc:subfield>
		</marc:datafield>
	</marc:record>