
	<marc:record>
		<marc:leader>00075a   a2200049   4500</marc:leader>
		<marc:controlfield tag="001">37</marc:controlfield>
		<marc:datafield ind1="0" ind2="0" tag="245">
			<marc:subfield code="a">June-1-2013</marc:subfield>
			<marc:subfield code="b">209</marc:subfield>
		</marc:datafield>
		<marc:datafield ind1="0" ind2=" " tag="774">
			<marc:subfield code="w">colauth-005</marc:subfield>
			<marc:subfield code="t">I love english</marc:subfield>
		</marc:datafield>
	</marc:record>