
	<marc:record>
		<marc:leader>00559a   a2200169   4500</marc:leader>
		<marc:controlfield tag="001">8</marc:controlfield>
		<marc:datafield ind1=" " ind2=" " tag="020">
			<marc:subfield code="a">9782081209633</marc:subfield>
			<marc:subfield code="c">2,70 euro</marc:subfield>
		</marc:datafield>
		<marc:datafield ind1="1" ind2=" " tag="041">
			<marc:subfield code="a">French</marc:subfield>
		</marc:datafield>
		<marc:datafield ind1="1" ind2=" " tag="100">
			<marc:subfield code="a">Keime, Christian</marc:subfield>
			<marc:subfield code="4">drt</marc:subfield>
		</marc:datafield>
		<marc:datafield ind1="1" ind2="0" tag="240">
			<marc:subfield code="a">Roman de Renart</marc:subfield>
		</marc:datafield>
		<marc:datafield ind1="1" ind2="0" tag="245">
			<marc:subfield code="a">Roman de Renart (Le)</marc:subfield>
			<marc:subfield code="c">Christian Keime; Monique Lachet-Lagarde</marc:subfield>
		</marc:datafield>
		<marc:datafield ind1="3" ind2=" " tag="260">
			<marc:subfield code="a">Paris</marc:subfield>
			<marc:subfield code="b">Flammarion</marc:subfield>
		</marc:datafield>
		<marc:datafield ind1=" " ind2=" " tag="300">
			<marc:subfield code="a">159 pages</marc:subfield>
			<marc:subfield code="b">Illustrations, cover with colorful illustrations</marc:subfield>
			<marc:subfield code="c">18 cm</marc:subfield>
		</marc:datafield>
		<marc:datafield ind1="0" ind2=" " tag="490">
			<marc:subfield code="a">Etonnants classiques. 335</marc:subfield>
		</marc:datafield>
		<marc:datafield ind1="1" ind2=" " tag="700">
			<marc:subfield code="a">Lachet-Lagarde, Monique</marc:subfield>
			<marc:subfield code="4">adp</marc:subfield>
		</marc:datafield>
		<marc:datafield ind1="1" ind2=" " tag="760">
			<marc:subfield code="w">colauth-007</marc:subfield>
			<marc:subfield code="t">Etonnants classiques</marc:subfield>
		</marc:datafield>
	</marc:record>