
	<marc:record>
		<marc:leader>00442a   a2200121   4500</marc:leader>
		<marc:controlfield tag="001">7</marc:controlfield>
		<marc:datafield ind1=" " ind2=" " tag="020">
			<marc:subfield code="a">2253132225</marc:subfield>
			<marc:subfield code="c">120,00 F</marc:subfield>
		</marc:datafield>
		<marc:datafield ind1="1" ind2=" " tag="041">
			<marc:subfield code="a">French</marc:subfield>
		</marc:datafield>
		<marc:datafield ind1="0" ind2=" " tag="100">
			<marc:subfield code="a">Chretien de Troyes</marc:subfield>
			<marc:subfield code="4">aut</marc:subfield>
		</marc:datafield>
		<marc:datafield ind1="0" ind2="0" tag="245">
			<marc:subfield code="a">Romans</marc:subfield>
			<marc:subfield code="p">Cliges</marc:subfield>
			<marc:subfield code="p">Chevalier de la Charrette (Le)</marc:subfield>
			<marc:subfield code="p">Chevalier au Lion (Le)</marc:subfield>
			<marc:subfield code="p">Conte du Graal (Le)</marc:subfield>
			<marc:subfield code="c">Chretien de Troyes</marc:subfield>
		</marc:datafield>
		<marc:datafield ind1="3" ind2=" " tag="260">
			<marc:subfield code="a">Paris</marc:subfield>
			<marc:subfield code="b">Librairie Generale Francaise</marc:subfield>
		</marc:datafield>
		<marc:datafield ind1=" " ind2=" " tag="300">
			<marc:subfield code="a">1279 pages</marc:subfield>
			<marc:subfield code="b">Cover with colorful illustrations</marc:subfield>
			<marc:subfield code="c">19 cm</marc:subfield>
		</marc:datafield>
		<marc:datafield ind1="0" ind2="4" tag="650">
			<marc:subfield code="a">Romans de la Table ronde</marc:subfield>
		</marc:datafield>
	</marc:record>