
	<marc:record>
		<marc:leader>00657a   a2200145   4500</marc:leader>
		<marc:controlfield tag="001">31</marc:controlfield>
		<marc:datafield ind1=" " ind2=" " tag="020">
			<marc:subfield code="a">9782205060386</marc:subfield>
			<marc:subfield code="c">20.50 EUR</marc:subfield>
		</marc:datafield>
		<marc:datafield ind1="1" ind2=" " tag="100">
			<marc:subfield code="a">Mezieres, Jean-Claude</marc:subfield>
			<marc:subfield code="4">aut</marc:subfield>
		</marc:datafield>
		<marc:datafield ind1="1" ind2="0" tag="245">
			<marc:subfield code="a">Valerian et Laureline</marc:subfield>
			<marc:subfield code="h">[print]</marc:subfield>
			<marc:subfield code="b">l'integrale Volume 7</marc:subfield>
			<marc:subfield code="c">Pierre Christin; Jean-Claude Mezieres</marc:subfield>
		</marc:datafield>
		<marc:datafield ind1="3" ind2=" " tag="260">
			<marc:subfield code="a">Paris</marc:subfield>
			<marc:subfield code="b">Dargaud</marc:subfield>
		</marc:datafield>
		<marc:datafield ind1=" " ind2=" " tag="300">
			<marc:subfield code="a">1 volume (173 pages)</marc:subfield>
			<marc:subfield code="b">Colorful illustrations, cover with colorful illustrations</marc:subfield>
			<marc:subfield code="c">30 cm</marc:subfield>
		</marc:datafield>
		<marc:datafield ind1="1" ind2=" " tag="700">
			<marc:subfield code="a">Christin, Pierre</marc:subfield>
			<marc:subfield code="4">aut</marc:subfield>
		</marc:datafield>
		<marc:datafield ind1="0" ind2=" " tag="773">
			<marc:subfield code="w">tauth-007</marc:subfield>
			<marc:subfield code="t">Au bord du gouffre</marc:subfield>
			<marc:subfield code="a">Victor Margueritte</marc:subfield>
		</marc:datafield>
		<marc:datafield ind1="0" ind2=" " tag="773">
			<marc:subfield code="w">tauth-006</marc:subfield>
			<marc:subfield code="t">L'ordre des pierres</marc:subfield>
			<marc:subfield code="a">Jean-Claude Mezieres et Pierre Christin</marc:subfield>
		</marc:datafield>
		<marc:datafield ind1="0" ind2=" " tag="773">
			<marc:subfield code="w">tauth-005</marc:subfield>
			<marc:subfield code="t">Valerian et Laureline</marc:subfield>
			<marc:subfield code="a">Jean-Claude Mezieres et Pierre Christin</marc:subfield>
			<marc:subfield code="g">21</marc:subfield>
		</marc:datafield>
	</marc:record>
</marc:collection>